
@article{ZHANG2020132573,
title = {Effective wave factorization for a stochastic Schrödinger equation},
journal = {Physica D: Nonlinear Phenomena},
volume = {411},
pages = {132573},
year = {2020},
issn = {0167-2789},
doi = {https://doi.org/10.1016/j.physd.2020.132573},
url = {https://www.sciencedirect.com/science/article/pii/S0167278919307468},
author = {Ao Zhang and Jinqiao Duan}
 }

@article{raymer2019us,
  title={The US national quantum initiative},
  author={Raymer, Michael G and Monroe, Christopher},
  journal={Quantum Science and Technology},
  volume={4},
  number={2},
  pages={020504},
  year={2019},
  publisher={IOP Publishing}
}


@article{tappert2019experience,
  title={Experience Teaching Quantum Computing.},
  author={Tappert, Charles C and Frank, Ronald I and Barabasi, Istvan and Leider, Avery M and Evans, Daniel and Westfall, Lewis},
  journal={Association Supporting Computer Users in Education},
  year={2019},
  publisher={ERIC}
}


@article{fox2020preparing,
  title={Preparing for the quantum revolution: What is the role of higher education?},
  author={Fox, Michael FJ and Zwickl, Benjamin M and Lewandowski, HJ},
  journal={Physical Review Physics Education Research},
  volume={16},
  number={2},
  pages={020131},
  year={2020},
  publisher={APS}
}

@article{monroe2019us,
  title={The US national quantum initiative: From act to action},
  author={Monroe, Christopher and Raymer, Michael G and Taylor, Jacob},
  journal={Science},
  volume={364},
  number={6439},
  pages={440--442},
  year={2019},
  publisher={American Association for the Advancement of Science}
}

@article{park2020us,
  title={US Department of Energy launches grant program in quantum materials},
  author={Park, Clinton},
  journal={MRS Bulletin},
  volume={45},
  number={4},
  pages={259--260},
  year={2020},
  publisher={Cambridge University Press}
}

@misc{mervis2016nsf,
  title={NSF makes a new bid to boost diversity},
  author={Mervis, Jeffrey},
  year={2016},
  publisher={American Association for the Advancement of Science}
}

@article{cornet2021overview,
  title={Overview of Quantum Technologies, Standards, and their Applications in Mobile Devices},
  author={Cornet, Brian and Fang, Hua and Wang, Honggang},
  journal={GetMobile: Mobile Computing and Communications},
  volume={24},
  number={4},
  pages={5--9},
  year={2021},
  publisher={ACM New York, NY, USA}
}

@article{taylor2020quantum,
  title={Quantum Artificial Intelligence: A “precautionary” US approach?},
  author={Taylor, Richard D},
  journal={Telecommunications Policy},
  volume={44},
  number={6},
  pages={101909},
  year={2020},
  publisher={Elsevier}
}

@article{ng2020guest,
  title={Guest editorial advances in quantum communications, computing, cryptography, and sensing},
  author={Ng, Soon Xin and Conti, Andrea and Long, Gui-Lu and Muller, Peter and Sayeed, Akbar and Yuan, Jinhong and Hanzo, Lajos},
  journal={IEEE Journal on Selected Areas in Communications},
  volume={38},
  number={3},
  pages={405--412},
  year={2020},
  publisher={IEEE}
}

@article{gibney2019quantum,
  title={The quantum gold rush},
  author={Gibney, Elizabeth},
  journal={Nature},
  volume={574},
  number={7776},
  pages={22--24},
  year={2019},
  publisher={Macmillan Publishers Ltd., London, England}
}

@article{kania2018quantum,
  title={Quantum Hegemony},
  author={Kania, Elsa B and Costello, John K},
  journal={Center for New American Security},
  volume={12},
  year={2018}
}

@article{foti2021quantum,
  title={Quantum Physics Literacy Aimed at K12 and the General Public},
  author={Foti, Caterina and Anttila, Daria and Maniscalco, Sabrina and Chiofalo, Maria Luisa},
  journal={Universe},
  volume={7},
  number={4},
  pages={86},
  year={2021},
  publisher={Multidisciplinary Digital Publishing Institute}
}

@article{riedel2019europe,
  title={Europe’s quantum flagship initiative},
  author={Riedel, Max and Kovacs, Matyas and Zoller, Peter and Mlynek, J{\"u}rgen and Calarco, Tommaso},
  journal={Quantum Science and Technology},
  volume={4},
  number={2},
  pages={020501},
  year={2019},
  publisher={IOP Publishing}
}

@article{waalkens2007wigner,
  title={Wigner's dynamical transition state theory in phase space: classical and quantum},
  author={Waalkens, Holger and Schubert, Roman and Wiggins, Stephen},
  journal={Nonlinearity},
  volume={21},
  number={1},
  pages={R1},
  year={2007},
  publisher={IOP Publishing}
}




@book{agaoglou_chemical_2019,
	title        = {{Chemical Reactions: A Journey into Phase Space}},
	author       = {Agaoglou, Makrina and
	Aguilar-Sanjuan, Broncio and
	Garc{\'i}a-Garrido, V{\'i}ctor Jose and
	Garc{\'i}a-Meseguer, Rafael and
	Gonz{\'a}lez-Montoya, Francisco and
	Katsanikas, Matthaios and
	Kraj{\v n}{\'a}k, Vladimir and
	Naik, Shibabrat and
	Wiggins, Stephen},
	publisher    = {Zenodo v0.1.0},
	version      = {0.1.0},
	note 		 = {\url{https://www.chemicalreactions.io} (EPSRC Grant Number: EP/P021123/1)},
	doi          = {10.5281/zenodo.3568210},
	url          = {https://doi.org/10.5281/zenodo.3568210},
	month        = {Dec},
	year         = {2019},
}

@book{ldbook2020,
author = {Agaoglou, M. and Aguilar-Sanjuan, B. and Garc{\'i}a-Garrido, V. J. and Gonz{\'a}lez-Montoya, F. and Katsanikas, M. and  Kraj{\v n}{\'a}k, V. and Naik, S. and Wiggins, S.},
title = {Lagrangian Descriptors: Discovery and Quantification of Phase Space Structure and Transport},
year = {2020},
doi = {10.5281/zenodo.3958985},
publisher = {zenodo: 10.5281/zenodo.3958985}
}


@inproceedings{Holland1993TheQT,
  title={The Quantum Theory of Motion: An Account of the de Broglie-Bohm Causal Interpretation of Quantum Mechanics},
  author={P. Holland},
  year={1993}
}


@book{Bohmian,
author = {Dürr, Detlef, Teufel, Stefan },
title = {Bohmian Mechanics:
The Physics and Mathematics of Quantum Theory },
year = {2009}, 
publisher = {Springer}
}

 

@inproceedings{Micha2006QuantumDW,
  title={Quantum dynamics with trajectories. Introduction to quantum hydrodynamics},
  author={D. Micha},
  year={2006}
}

@inproceedings{Mbius1996DittrichWR,
  title={Dittrich, W. Reuter, M.: Classical and Quantum Dynamics from Classical Paths to Path Integrals. Second Corrected and Enlarged Edition. Berlin etc., Springer-Verlag 1994. IX, 361 pp., DM 52. -. ISBN 3-540-56245-1},
  author={P. M{\"o}bius},
  year={1996}
}

@inproceedings{Gutzwiller1990ChaosIC,
  title={Chaos in classical and quantum mechanics},
  author={M. Gutzwiller and J. V. Jos{\'e}},
  year={1990}
}

@inproceedings{Griffiths2018IntroductionTQ,
  title={Introduction to Quantum Mechanics by David J. Griffiths},
  author={D. Griffiths and D. Schroeter},
  year={2018}
}

@inproceedings{Abend2016StochasticPI,
  title={Stochastic Processes in Quantum Physics},
  author={Matthias Abend},
  year={2016}
}

@inproceedings{Beard2008ChemicalBQ,
  title={Chemical Biophysics: Quantitative Analysis of Cellular Systems},
  author={D. Beard and Hong Qian},
  year={2008}
}